<?xml version="1.0" encoding="UTF-8"?><collection xmlns="http://www.loc.gov/MARC21/slim"><record><leader>00436nam--2200145-i-4500</leader><controlfield tag="001">000031341</controlfield><controlfield tag="002">20161230</controlfield><controlfield tag="005">20170118173446</controlfield><controlfield tag="008">060222s1000------------r-----000-0-eng-d</controlfield><datafield ind1=" " ind2=" " tag="080"><subfield code="a">801.323.1:803.0:530.1</subfield></datafield><datafield ind1=" " ind2=" " tag="245"><subfield code="a">Mathematisches worterbuch mit einbeziehung der theoretischen physik. Bearbeitet und herausgegeben</subfield></datafield><datafield ind1=" " ind2=" " tag="260"><subfield code="a">Berlin</subfield><subfield code="b">Akademie-Verlag</subfield><subfield code="c">1962</subfield></datafield><datafield ind1=" " ind2=" " tag="300"><subfield code="a">XIII + 1043 p</subfield></datafield><datafield ind1=" " ind2=" " tag="852"><subfield code="a">8614</subfield></datafield><datafield ind1=" " ind2=" " tag="CAT"><subfield code="a">SYS</subfield><subfield code="c">20170118</subfield><subfield code="h">173446</subfield></datafield></record></collection>